<?xml version="1.0" encoding="UTF-8"?>
<OAI-PMH xmlns="http://www.openarchives.org/OAI/2.0/" xmlns:xsi="http://www.w3.org/2001/XMLSchema-instance" xsi:schemaLocation="http://www.openarchives.org/OAI/2.0/ http://www.openarchives.org/OAI/2.0/OAI-PMH.xsd">
<ListRecords>
<record>
<header status="updated">
<identifier>urm_publish:71295123210002121</identifier>
</header>
<metadata>
<record xmlns="http://www.loc.gov/MARC21/slim" xmlns:xsi="http://www.w3.org/2001/XMLSchema-instance" xsi:schemaLocation="http://www.loc.gov/MARC21/slim http://www.loc.gov/standards/marcxml/schema/MARC21slim.xsd" ><leader>00798mam a2200265 a 4500</leader><controlfield tag="005">20120724191413.0</controlfield><controlfield tag="008">920825s1993    nyu           000 0 eng  </controlfield><controlfield tag="001">999708591602121</controlfield><datafield tag="010" ind1=" " ind2=" "><subfield code="a">   92050638 </subfield></datafield><datafield tag="020" ind1=" " ind2=" "><subfield code="a">067974536X (pbk.) :</subfield><subfield code="c">$10.00 ($12.50 Can.)</subfield></datafield><datafield tag="035" ind1=" " ind2=" "><subfield code="a">(OCoLC)26856886</subfield></datafield><datafield tag="035" ind1=" " ind2=" "><subfield code="9">ARC1097UW</subfield></datafield><datafield tag="035" ind1=" " ind2=" "><subfield code="a">(WU)2689869-uwmadisondb</subfield></datafield><datafield tag="040" ind1=" " ind2=" "><subfield code="a">DLC</subfield><subfield code="b">eng</subfield><subfield code="c">DLC</subfield><subfield code="d">GZM</subfield></datafield><datafield tag="050" ind1="0" ind2="0"><subfield code="a">PS3563.A4345</subfield><subfield code="b">O4 1993</subfield></datafield><datafield tag="100" ind1="1" ind2=" "><subfield code="a">Mamet, David.</subfield><subfield code="2">LCNAMES</subfield><subfield code="0">41-LIBRARY_OF_CONGRESS-n  77012756</subfield><subfield code="9">Y</subfield></datafield><datafield tag="245" ind1="1" ind2="0"><subfield code="a">Oleanna /</subfield><subfield code="c">David Mamet.</subfield></datafield><datafield tag="250" ind1=" " ind2=" "><subfield code="a">First Vintage Books edition.</subfield></datafield><datafield tag="264" ind1=" " ind2="1"><subfield code="a">New York :</subfield><subfield code="b">Vintage Books,</subfield><subfield code="c">1993.</subfield></datafield><datafield tag="300" ind1=" " ind2=" "><subfield code="a">80 pages ;</subfield><subfield code="c">21 cm</subfield></datafield><datafield tag="336" ind1=" " ind2=" "><subfield code="a">text</subfield><subfield code="b">txt</subfield><subfield code="2">rdacontent</subfield></datafield><datafield tag="337" ind1=" " ind2=" "><subfield code="a">unmediated</subfield><subfield code="b">n</subfield><subfield code="2">rdamedia</subfield></datafield><datafield tag="338" ind1=" " ind2=" "><subfield code="a">volume</subfield><subfield code="b">nc</subfield><subfield code="2">rdacarrier</subfield></datafield><datafield tag="949" ind1=" " ind2=" "><subfield code="a">20090917</subfield><subfield code="b">*CO-cw</subfield><subfield code="c">d</subfield><subfield code="d">ac</subfield><subfield code="e">p</subfield><subfield code="f">call:n</subfield><subfield code="g">repl:n</subfield><subfield code="h">gls</subfield></datafield><datafield tag="997" ind1=" " ind2=" "><subfield code="a">MARCIVE</subfield></datafield><datafield tag="100" ind1="1" ind2=" "><subfield code="a">Weisz, Richard</subfield><subfield code="2">LCNAMES</subfield><subfield code="0">41-LIBRARY_OF_CONGRESS-n  77012756</subfield><subfield code="9">N</subfield></datafield><datafield tag="100" ind1="1" ind2=" "><subfield code="a">מאמט, דיוויד. ששקו, לאה. מק׳קרדי, מייקל</subfield><subfield code="2">LCNAMES</subfield><subfield code="0">41-LIBRARY_OF_CONGRESS-n  77012756</subfield><subfield code="9">N</subfield></datafield><datafield tag="INST" ind1=" " ind2=" "><subfield code="a">01UWI_NETWORK</subfield><subfield code="b">P</subfield><subfield code="c">71295123210002121</subfield></datafield><datafield tag="INST" ind1=" " ind2=" "><subfield code="a">01UWI_ML</subfield><subfield code="b">P</subfield><subfield code="c">21165527250002124</subfield></datafield><datafield tag="INST" ind1=" " ind2=" "><subfield code="a">01UWI_SF</subfield><subfield code="b">P</subfield><subfield code="c">2145804710002130</subfield></datafield><datafield tag="INST" ind1=" " ind2=" "><subfield code="a">01UWI_WW</subfield><subfield code="b">P</subfield><subfield code="c">2170273890002133</subfield></datafield><datafield tag="AVA" ind1=" " ind2=" "><subfield code="0">9910801643402124</subfield><subfield code="8">22165527240002124</subfield><subfield code="a">01UWI_ML</subfield><subfield code="b">MIL</subfield><subfield code="c">Stacks</subfield><subfield code="d">PS3563.A4345 O4 1993</subfield><subfield code="e">available</subfield><subfield code="f">1</subfield><subfield code="g">0</subfield><subfield code="j">stk</subfield><subfield code="k">0</subfield><subfield code="p">1</subfield><subfield code="q">UW Milwaukee</subfield></datafield><datafield tag="AVA" ind1=" " ind2=" "><subfield code="0">9910801643402124</subfield><subfield code="8">22165527200002124</subfield><subfield code="a">01UWI_ML</subfield><subfield code="b">MIL</subfield><subfield code="c">Stacks</subfield><subfield code="d">PS3563.A4345 O4 1993</subfield><subfield code="e">available</subfield><subfield code="f">1</subfield><subfield code="g">0</subfield><subfield code="j">stk</subfield><subfield code="k">0</subfield><subfield code="p">2</subfield><subfield code="q">UW Milwaukee</subfield></datafield><datafield tag="AVA" ind1=" " ind2=" "><subfield code="0">9910801643402124</subfield><subfield code="8">22165527220002124</subfield><subfield code="a">01UWI_ML</subfield><subfield code="b">MIL</subfield><subfield code="c">Stacks</subfield><subfield code="d">PS3563.A4345 O4 1993</subfield><subfield code="e">unavailable</subfield><subfield code="f">1</subfield><subfield code="g">1</subfield><subfield code="j">stk</subfield><subfield code="k">0</subfield><subfield code="p">3</subfield><subfield code="q">UW Milwaukee</subfield></datafield><datafield tag="AVA" ind1=" " ind2=" "><subfield code="0">994221233602130</subfield><subfield code="8">2245804700002130</subfield><subfield code="a">01UWI_SF</subfield><subfield code="b">SP</subfield><subfield code="c">Books (4th floor: A-PQ &amp; 5th floor: PR-Z)</subfield><subfield code="d">PS3563.A4345 O4 1993</subfield><subfield code="e">unavailable</subfield><subfield code="f">1</subfield><subfield code="g">1</subfield><subfield code="j">stack</subfield><subfield code="k">0</subfield><subfield code="p">1</subfield><subfield code="q">UW Stevens Point Library</subfield></datafield><datafield tag="AVA" ind1=" " ind2=" "><subfield code="0">994215313702133</subfield><subfield code="8">2270273880002133</subfield><subfield code="a">01UWI_WW</subfield><subfield code="b">WW</subfield><subfield code="c">Main Collection, 3rd Floor</subfield><subfield code="d">PS3563.A4345 O4 1993</subfield><subfield code="e">available</subfield><subfield code="f">1</subfield><subfield code="g">0</subfield><subfield code="j">MAIN</subfield><subfield code="k">0</subfield><subfield code="p">1</subfield><subfield code="q">UW-Whitewater</subfield></datafield><datafield tag="MMS" ind1=" " ind2=" "><subfield code="b">999708591602121</subfield><subfield code="a">01UWI_NETWORK</subfield></datafield><datafield tag="MMS" ind1=" " ind2=" "><subfield code="b">9910801643402124</subfield><subfield code="a">01UWI_ML</subfield></datafield><datafield tag="MMS" ind1=" " ind2=" "><subfield code="b">994221233602130</subfield><subfield code="a">01UWI_SF</subfield></datafield><datafield tag="MMS" ind1=" " ind2=" "><subfield code="b">994215313702133</subfield><subfield code="a">01UWI_WW</subfield></datafield></record>
</metadata>
</record>
</ListRecords>
</OAI-PMH>